<?xml version="1.0" encoding="UTF-8"?><collection xmlns="http://www.loc.gov/MARC21/slim"><record><leader>00625nam--2200193-u-4500</leader><controlfield tag="001">000054558</controlfield><controlfield tag="002">20161230</controlfield><controlfield tag="005">20161230201051</controlfield><controlfield tag="008">120125s1000------------r-----000-0-eng-d</controlfield><datafield ind1=" " ind2=" " tag="040"><subfield code="a">IFIN-HH</subfield></datafield><datafield ind1=" " ind2=" " tag="080"><subfield code="a">539.12.162.8(061.3)</subfield></datafield><datafield ind1="1" ind2=" " tag="100"><subfield code="a">Gordon, Howard A</subfield></datafield><datafield ind1="1" ind2="0" tag="245"><subfield code="a">Isabelle proceedings of the 1981 summer workshop july 20-31, 1981</subfield><subfield code="c">Howard a. gordon (editor-in-chief)</subfield></datafield><datafield ind1=" " ind2=" " tag="260"><subfield code="a">Isabelle</subfield><subfield code="b">Brookhaven National Laboratory</subfield><subfield code="c">1981</subfield></datafield><datafield ind1=" " ind2=" " tag="300"><subfield code="a">3 VOLUME</subfield></datafield><datafield ind1="1" ind2=" " tag="787"><subfield code="a">Volume 2</subfield><subfield code="h">/401p./803p. + Index</subfield><subfield code="t">Physics</subfield></datafield><datafield ind1=" " ind2=" " tag="787"><subfield code="a">Volume 4</subfield><subfield code="h">/1135p/1487p</subfield><subfield code="t">Detector R&amp;d</subfield></datafield><datafield ind1=" " ind2=" " tag="852"><subfield code="a">78927</subfield><subfield code="c">539.12</subfield></datafield><datafield ind1=" " ind2=" " tag="CAT"><subfield code="a">Sys</subfield><subfield code="c">20120125</subfield><subfield code="h">123334</subfield></datafield></record></collection>